@article{Cichocki_2019,
	title        = {Diffusion coefficients of elastic macromolecules},
	author       = {Cichocki, Bogdan and Rubin, Marcin and Niedzwiecka, Anna and Szymczak, Piotr},
	year         = 2019,
	journal      = {J. Fluid Mech.},
	publisher    = {Cambridge University Press},
	volume       = 878,
	pages        = {R3},
	doi          = {10.1017/jfm.2019.652}
}

@article{Cinelli_2022,
	title        = {A crash course in good and bad controls},
	author       = {Cinelli, Carlos and Forney, Andrew and Pearl, Judea},
	year         = 2022,
	journal      = {Sociological Methods \& Research},
	publisher    = {SAGE Publications Sage CA: Los Angeles, CA},
	pages        = {00491241221099552}
}

@article{Coleman_2000,
	title        = {Theory of Supercoiled Elastic Rings with Self-Contact and Its Application to DNA Plasmids},
	author       = {Coleman, Bernard D. and Swigon, David},
	year         = 2000,
	journal      = {Journal of Elasticity},
	volume       = 60,
	number       = 3,
	pages        = {173--221},
	doi          = {10.1023/A:1010911113919},
	issn         = 03743535
}

@book{Frenkel_2001,
	title        = {Understanding molecular simulation: from algorithms to applications},
	author       = {Frenkel, Daan and Smit, Berend},
	year         = 2001,
	publisher    = {Elsevier},
	volume       = 1
}

@incollection{Frenkel_2002,
	title        = {Chapter 15 - Tackling Time-Scale Problems},
	author       = {Daan Frenkel and Berend Smit},
	year         = 2002,
	booktitle    = {Understanding Molecular Simulation (Second Edition)},
	publisher    = {Academic Press},
	address      = {San Diego},
	pages        = {409--429},
	doi          = {10.1016/B978-012267351-1/50017-1},
	isbn         = {978-0-12-267351-1},
	editor       = {Daan Frenkel and Berend Smit},
	edition      = {Second Edition}
}

@article{Irobalieva_2015,
	title        = {Structural diversity of supercoiled DNA},
	author       = {Irobalieva, Rossitza N. and Fogg, Jonathan M. and Catanese, Daniel J. and Sutthibutpong, Thana and Chen, Muyuan and Barker, Anna K. and Ludtke, Steven J. and Harris, Sarah A. and Schmid, Michael F. and Chiu, Wah and Zechiedrich, Lynn},
	year         = 2015,
	journal      = {Nature Communications},
	volume       = 6,
	number       = 1,
	pages        = 8440,
	doi          = {10.1038/ncomms9440},
	issn         = {2041-1723}
}

@article{Jumper_2021,
	title        = {Highly accurate protein structure prediction with AlphaFold},
	author       = {Jumper, John and Evans, Richard and Pritzel, Alexander and Green, Tim and Figurnov, Michael and Ronneberger, Olaf and Tunyasuvunakool, Kathryn and Bates, Russ and Žídek, Augustin and Potapenko, Anna and Bridgland, Alex and Meyer, Clemens and Kohl, Simon A. A. and Ballard, Andrew J. and Cowie, Andrew and Romera-Paredes, Bernardino and Nikolov, Stanislav and Jain, Rishub and Adler, Jonas and Back, Trevor and Petersen, Stig and Reiman, David and Clancy, Ellen and Zielinski, Michal and Steinegger, Martin and Pacholska, Michalina and Berghammer, Tamas and Bodenstein, Sebastian and Silver, David and Vinyals, Oriol and Senior, Andrew W. and Kavukcuoglu, Koray and Kohli, Pushmeet and Hassabis, Demis},
	year         = 2021,
	journal      = {Nature},
	publisher    = {Nature Publishing Group},
	volume       = 596,
	number       = 7873,
	pages        = {583--589}
}

@article{Karplus_1990,
	title        = {Molecular dynamics simulations in biology},
	author       = {Martin Karplus and Gregory A. Petsko},
	year         = 1990,
	month        = oct,
	journal      = {Nature},
	publisher    = {Springer Science and Business Media {LLC}},
	volume       = 347,
	number       = 6294,
	pages        = {631--639},
	doi          = {10.1038/347631a0},
	url          = {https://doi.org/10.1038/347631a0}
}

@article{Khaymina_2007,
	title        = {Fesselin is a natively unfolded protein},
	author       = {Khaymina, Svetlana S and Kenney, John M and Schroeter, Mechthild M and Chalovich, Joseph M},
	year         = 2007,
	journal      = {Journal of proteome research},
	publisher    = {ACS Publications},
	volume       = 6,
	number       = 9,
	pages        = {3648--3654}
}

@article{Lin_2017,
	title        = {The intrinsically disordered N-terminal domain of galectin-3 dynamically mediates multisite self-association of the protein through fuzzy interactions},
	author       = {Lin, Yu-Hao and Qiu, De-Chen and Chang, Wen-Han and Yeh, Yi-Qi and Jeng, U-Ser and Liu, Fu-Tong and Huang, Jie-rong},
	year         = 2017,
	journal      = {Journal of Biological Chemistry},
	publisher    = {ASBMB},
	volume       = 292,
	number       = 43,
	pages        = {17845--17856},
	doi          = {10.1074/jbc.M117.802793}
}

@article{Lisicki_2016,
	title        = {Near-wall diffusion tensor of an axisymmetric colloidal particle},
	author       = {Lisicki, Maciej and Cichocki, Bogdan and Wajnryb, Eligiusz},
	year         = 2016,
	journal      = {The Journal of Chemical Physics},
	publisher    = {AIP Publishing},
	volume       = 145,
	number       = 3,
	doi          = {10.1063/1.4958727}
}

@article{Marsh_2010,
	title        = {Sequence determinants of compaction in intrinsically disordered proteins},
	author       = {Marsh, Joseph A and Forman-Kay, Julie D},
	year         = 2010,
	journal      = {Biophysical journal},
	publisher    = {Elsevier},
	volume       = 98,
	number       = 10,
	pages        = {2383--2390}
}

@article{Nag_2011,
	title        = {The nature of the amyloid-$\beta$ monomer and the monomer-oligomer equilibrium},
	author       = {Nag, Suman and Sarkar, Bidyut and Banerjee, Arkarup and Sahoo, Bankanidhi and Varun, KAS and Maiti, Sudipta},
	year         = 2011,
	journal      = {Biophysical Journal},
	publisher    = {Elsevier},
	volume       = 100,
	number       = 3,
	pages        = {202a}
}

@article{Poznar_2017,
	title        = {Structural properties of the intrinsically disordered, multiple calcium ion-binding otolith matrix macromolecule-64 (OMM-64)},
	author       = {Poznar, Monika and Ho{\l}ubowicz, Rafa{\l} and Wojtas, Magdalena and Gapi{\'n}ski, Jacek and Banachowicz, Ewa and Patkowski, Adam and O{\.z}yhar, Andrzej and Dobryszycki, Piotr},
	year         = 2017,
	journal      = {Biochimica et Biophysica Acta (BBA)-Proteins and Proteomics},
	publisher    = {Elsevier},
	volume       = 1865,
	number       = 11,
	pages        = {1358--1371}
}

@article{Rackauckas_2017,
	title        = {Differential{E}quations.jl--a performant and feature-rich ecosystem for solving differential equations in {J}ulia},
	author       = {Rackauckas, Christopher and Nie, Qing},
	year         = 2017,
	journal      = {Journal of Open Research Software},
	publisher    = {Ubiquity Press},
	volume       = 5,
	number       = 1,
	doi          = {10.5334/jors.151}
}

@article{Ranasinghe_2023,
  title={Suitability of double-stranded DNA as a molecular standard for the validation of analytical ultracentrifugation instruments},
  author={Ranasinghe, Maduni and Fogg, Jonathan M and Catanese Jr, Daniel J and Zechiedrich, Lynn and Demeler, Borries},
  journal={European Biophysics Journal},
  volume={52},
  number={4-5},
  pages={267--280},
  year={2023},
  publisher={Springer}
}

@article{Reynolds_1883,
	title        = {An experimental investigation of the circumstances which determine whether the motion of water shall be direct or sinuous, and of the law of resistance in parallel channels},
	author       = {Reynolds, Osborne},
	year         = 1883,
	journal      = {Philosophical Transactions of the Royal Society of London},
	volume       = 174,
	number       = {},
	pages        = {935--982},
	doi          = {10.1098/rstl.1883.0029}
}

@article{Rozycki_2022,
	title        = {Conformational ensemble of the full-length SARS-CoV-2 nucleocapsid (N) protein based on molecular simulations and SAXS data},
	author       = {R{\'o}{\.z}ycki, Bartosz and Boura, Evzen},
	year         = 2022,
	journal      = {Biophysical chemistry},
	publisher    = {Elsevier},
	volume       = 288,
	pages        = 106843,
	doi          = {10.1016/j.bpc.2022.106843}
}

@article{Sicorello_2021,
	title        = {Capturing the conformational ensemble of the mixed folded polyglutamine protein ataxin-3},
	author       = {Sicorello, Alessandro and R{\'o}{\.z}ycki, Bartosz and Konarev, Petr V and Svergun, Dmitri I and Pastore, Annalisa},
	year         = 2021,
	journal      = {Structure},
	publisher    = {Elsevier},
	volume       = 29,
	number       = 1,
	pages        = {70--81}
}

@article{Tarakhovsky_2018,
	title        = {Drawing on disorder: How viruses use histone mimicry to their advantage},
	author       = {Tarakhovsky, Alexander and Prinjha, Rab K},
	year         = 2018,
	journal      = {Journal of Experimental Medicine},
	publisher    = {Rockefeller University Press},
	volume       = 215,
	number       = 7,
	pages        = {1777--1787}
}

@article{Tomasso_2016,
	title        = {Hydrodynamic radii of intrinsically disordered proteins determined from experimental polyproline II propensities},
	author       = {Tomasso, Maria E and Tarver, Micheal J and Devarajan, Deepa and Whitten, Steven T},
	year         = 2016,
	journal      = {PLoS computational biology},
	publisher    = {Public Library of Science San Francisco, CA USA},
	volume       = 12,
	number       = 1,
	pages        = {e1004686}
}

@article{Tong_2016,
	title        = {Accurate optimization of amino acid form factors for computing small-angle X-ray scattering intensity of atomistic protein structures},
	author       = {Tong, Dudu and Yang, Sichun and Lu, Lanyuan},
	year         = 2016,
	journal      = {Journal of Applied Crystallography},
	publisher    = {International Union of Crystallography},
	volume       = 49,
	number       = 4,
	pages        = {1148--1161}
}

@article{van_Kampen_1984,
	title        = {Constraints},
	author       = {Van Kampen, NG and Lodder, JJ},
	year         = 1984,
	journal      = {American Journal of Physics},
	publisher    = {American Association of Physics Teachers},
	volume       = 52,
	number       = 5,
	pages        = {419--424},
	doi          = {10.1119/1.13647}
}

@article{Ward_2004,
	title        = {Prediction and functional analysis of native disorder in proteins from the three kingdoms of life},
	author       = {Ward, Jonathan J and Sodhi, Jaspreet S and McGuffin, Liam J and Buxton, Bernard F and Jones, David T},
	year         = 2004,
	journal      = {Journal of molecular biology},
	publisher    = {Elsevier},
	volume       = 337,
	number       = 3,
	pages        = {635--645},
	doi          = {10.1016/j.jmb.2004.02.002}
}

@article{Waszkiewicz_2021_hydrodynamic,
    presort      = {aa-mypapers},
	title        = {Hydrodynamic effects in the capture of rod-like molecules by a nanopore},
	author       = {Waszkiewicz, Radost and Lisicki, Maciej},
	year         = 2021,
	journal      = {Journal of Physics: Condensed Matter},
	publisher    = {IOP Publishing},
	volume       = 33,
	number       = 10,
	pages        = 104005,
	doi          = {10.1088/1361-648X/abd11b}
}

@article{Waszkiewicz_2021_stability,
    presort      = {aa-mypapers},
	title        = {Stability of sedimenting flexible loops},
	author       = {Waszkiewicz, Radost and Szymczak, Piotr and Lisicki, Maciej},
	year         = 2021,
	journal      = {Journal of Fluid Mechanics},
	publisher    = {Cambridge University Press},
	volume       = 919,
	pages        = {A14},
	doi          = {10.1017/jfm.2021.350}
}

@article{Waszkiewicz_2023_dna,
    presort      = {aa-mypapers},
	title        = {DNA supercoiling-induced shapes alter minicircle hydrodynamic properties},
	author       = {Waszkiewicz, Radost and Ranasinghe, Maduni and Fogg, Jonathan M and Catanese Jr, Daniel J and Ekiel-Je{\.z}ewska, Maria L and Lisicki, Maciej and Demeler, Borries and Zechiedrich, Lynn and Szymczak, Piotr},
	year         = 2023,
	journal      = {Nucleic Acids Research},
	publisher    = {Oxford University Press},
	volume       = 51,
	number       = 8,
	pages        = {4027--4042},
	doi          = {10.1093/nar/gkad183}
}

@article{Waszkiewicz_2023_pychastic,
    presort      = {aa-mypapers},
	title        = {{Pychastic: Precise Brownian dynamics using Taylor-Itō integrators in Python}},
	author       = {Radost Waszkiewicz and Maciej Bartczak and Kamil Kolasa and Maciej Lisicki},
	year         = 2023,
	journal      = {SciPost Phys. Codebases},
	publisher    = {SciPost},
	pages        = 11,
	doi          = {10.21468/SciPostPhysCodeb.11}
}

@article{Waszkiewicz_2024_mda,
    presort      = {aa-mypapers},
	title        = {Minimum dissipation approximation: A fast algorithm for the prediction of diffusive properties of intrinsically disordered proteins},
	author       = {Radost Waszkiewicz and Agnieszka Michaś and Michał K. Białobrzewski and Barbara Klepka and Maja Cieplak-Rotowska and Zuzanna Staszałek and Bogdan Cichocki and Maciej Lisicki and Piotr Szymczak and Anna Niedźwiecka},
	year         = 2024,
	journal      = {Journal of Physical Chemisty Letters (in review)}
}

@article{Waszkiewicz_2024_trimer,
    presort      = {aa-mypapers},
	title        = {The trimer paradox revisited},
	author       = {Radost Waszkiewicz and Maciej Lisicki},
	year         = 2024,
	journal      = {(in review)}
}

@article{Zuk_2018,
	title        = {GRPY: an accurate bead method for calculation of hydrodynamic properties of rigid biomacromolecules},
	author       = {Zuk, Pawel J and Cichocki, Bogdan and Szymczak, Piotr},
	year         = 2018,
	journal      = {Biophysical Journal},
	publisher    = {Elsevier},
	volume       = 115,
	number       = 5,
	pages        = {782--800},
	doi          = {10.1016/j.bpj.2018.07.015}
}

@misc{gh_pychastic,
	title        = {Pychastic is a stochastic differential equations integrator written entirely in python.},
	note         = {Accessed: 2023-11-02},
	presort      = {ab-code},
	howpublished = {\url{https://github.com/radostw/stochastic}}
}

@misc{gh_pygrpy,
	title        = {Python port of Generalized Rotne Prager Yamakawa hydrodynamic tensors.},
	note         = {Accessed: 2023-11-02},
	presort      = {ab-code},
	howpublished = {\url{https://github.com/RadostW/PyGRPY/}}
}

@misc{gh_pywrithe,
	title        = {Compute writhe of closed curve with numpy and jax.numpy.},
	note         = {Accessed: 2023-11-02},
	presort      = {ab-code},	
	howpublished = {\url{https://github.com/RadostW/PyWrithe}}
}

@misc{gh_sarw_spheres,
	title        = {Genrate self avoiding random walks (SARW) for spheres of given sizes.},
	note         = {Accessed: 2023-11-02},
	presort      = {ab-code},
	howpublished = {\url{https://github.com/RadostW/sarw_spheres}}
}

@misc{gh_saxs_single_bead,
	title        = {All Python package to compute small angle X-ray scattering (SAXS) profiles in one-bead-per-residue approximation with numpy.},
	note         = {Accessed: 2023-11-02},
	presort      = {ab-code},
	howpublished = {\url{https://github.com/RadostW/saxs_single_bead}}
}

@misc{jax_on_windows,
	title        = {A community supported Windows build for jax.},
	note         = {Accessed: 2023-11-02},
	presort      = {ab-code},	
	howpublished = {\url{https://github.com/cloudhan/jax-windows-builder}}
}

@misc{rd_pychastic,
	title        = {Pychastic documentation.},
	note         = {Accessed: 2023-11-02},
	presort      = {ab-code},	
	howpublished = {\url{https://pychastic.readthedocs.io/en/latest/}}
}

@misc{rd_pygrpy,
	title        = {PyGRPY documentation.},
	note         = {Accessed: 2023-11-02},
	presort      = {ab-code},	
	howpublished = {\url{https://pygrpy.readthedocs.io/en/latest/}}
}

@misc{rd_saxs_single_bead,
	title        = {saxs-single-bead documentation.},
	note         = {Accessed: 2023-11-02},
	presort      = {ab-code},	
	howpublished = {\url{https://saxs-single-bead.readthedocs.io/en/latest/}}
}

@misc{rd_pywrithe,
	title        = {PyWrithe documentation.},
	note         = {Accessed: 2023-11-02},
	presort      = {ab-code},	
	howpublished = {\url{https://pywrithe.readthedocs.io/en/latest/}}
}

@misc{proteinensemble_org,
	title        = {The Protein Ensemble Database},
	note         = {Accessed: 2023-11-02},
	presort      = {ac-database},
	howpublished = {\url{https://proteinensemble.org/}}
}

@misc{rcsb_org,
	title        = {Protein Data Bank},
	note         = {Accessed: 2023-11-02},
	presort      = {ac-database},
	howpublished = {\url{https://www.rcsb.org/}}
}

@misc{sasdb_org,
	title        = {Small Angle Scattering Biological Data Bank},
	note         = {Accessed: 2023-11-02},
	presort      = {ac-database},
	howpublished = {\url{https://www.sasbdb.org/search/}}
}


@inproceedings{Nagele_2013,
  title={Colloidal hydrodynamics},
  author={N{\"a}gele, Gerhard},
  booktitle={Physics of complex colloids},
  pages={507--601},
  year={2013},
  publisher={IOS Press},  doi={10.3254/978-1-61499-278-3-507}
}

@book{Ottinger_2012,
  title={Stochastic Processes in Polymeric Fluids: Tools and Examples for Developing Simulation Algorithms},
  author={{\"O}ttinger, H.C.},
  isbn={9783642582905},
  lccn={95044913},
  url={https://books.google.pl/books?id=b1rrCAAAQBAJ},
  year={2012},
  publisher={Springer Berlin Heidelberg}
}

@article{Ito_1951,
  title={On a formula concerning stochastic differentials},
  author={It{\^o}, Kiyosi},
  journal={Nagoya Mathematical Journal},
  volume={3},
  pages={55--65},
  year={1951},
  publisher={Cambridge University Press}
}


@article{Wei_2021,
  title={Measurements of the unsteady flow field around beating cilia},
  author={Wei, Da and Dehnavi, Parviz G and Aubin-Tam, Marie-Eve and Tam, Daniel},
  journal={Journal of Fluid Mechanics},
  volume={915},
  pages={A70},
  year={2021},
  publisher={Cambridge University Press},
  doi={10.1017/jfm.2021.149},
}

@article{Juba_2017,
author = {Juba, Derek and Audus, Debra J. and Mascagni, Michael and Douglas, Jack F. and Keyrouz, Walid},
title = {ZENO: Software for calculating hydrodynamic, electrical, and shape properties of polymer and particle suspensions},
journal = {Journal of Research of National Institute of Standards and Technology},
volume = {122},
number = {20},
year = {2017},
doi = {10.6028/jres.122.020},
URL = {https://doi.org/10.6028/jres.122.020}
}

@book{vanKampen_2011,
  title={Stochastic Processes in Physics and Chemistry},
  author={Van Kampen, N.G.},
  isbn={9780080475363},
  series={North-Holland Personal Library},  
  year={2011},
  publisher={Elsevier Science}
}

@article{Tong_2016,
  title={Accurate optimization of amino acid form factors for computing small-angle X-ray scattering intensity of atomistic protein structures},
  author={Tong, Dudu and Yang, Sichun and Lu, Lanyuan},
  journal={Journal of Applied Crystallography},
  volume={49},
  number={4},
  pages={1148--1161},
  year={2016},
  publisher={International Union of Crystallography}
}


@article{Svedberg_1927,
  title={The application of the oil turbine type of ultracentrifuge to the study of the stability region of carbon monoxide-hemoglobin},
  author={Svedberg, The and Nichols, JB},
  journal={Journal of the American Chemical Society},
  volume={49},
  number={11},
  pages={2920--2934},
  year={1927},
  publisher={ACS Publications}
}

@incollection{Demeler_2016,
	title        = {Analytical Ultracentrifugation Data Analysis with UltraScan-III},
	author       = {Demeler, Borries and Gorbet, Gary E.},
	year         = 2016,
	booktitle    = {Analytical Ultracentrifugation},
	publisher    = {Springer Japan},
	address      = {Tokyo},
	pages        = {119--143},
	isbn         = {978-4-431-55983-2},
	url          = {http://link.springer.com/10.1007/978-4-431-55985-6_8},
	editor       = {Uchiyama, Susumu and Arisaka, Fumio and Stafford, Walter F. and Laue, Tom},
}

@article{Cao_2005,
	title        = {Modeling Analytical Ultracentrifugation Experiments with an Adaptive Space-Time Finite Element Solution of the Lamm Equation},
	author       = {Cao, Weiming and Demeler, Borries},
	year         = 2005,
	journal      = {Biophysical Journal},
	volume       = 89,
	number       = 3,
	pages        = {1589--1602},
	doi          = {10.1529/biophysj.105.061135},
	issn         = 00063495,
}

@incollection{Tompson_2002,
  author    = {Nancy Tompson},
  title     = {Chapter 6 {FCS}},
  booktitle = {Fluorescence Spectroscopy},
  volume    = {1},
  editor    = {Joseph R. Lakowicz},
  year      = {2002},
  publisher = {Kluwer Academic Publishers},
  pages     = {337-378}
}


@incollection{Gregor_2008,
  author    = {I. Gregor and J. Enderlein},
  title     = {Fluorescence Correlation Spectroscopy},
  booktitle = {Soft Matter: From Synthetic to Biological Materials},  
  editor    = {Dhont J. and Gompper, G. and Nagele, G.},
  year      = {2008},
  publisher = {Schriften des Forschungszentrums Julich},
  pages     = {A3}
}

@incollection{Hermann_2008,
  author    = {R. P. Hermann},
  title     = {Scattering of Neutrons and Photons},
  booktitle = {Soft Matter: From Synthetic to Biological Materials},  
  editor    = {Dhont J. and Gompper, G. and Nagele, G.},
  year      = {2008},
  publisher = {Schriften des Forschungszentrums Julich},
  pages     = {A1}
}

@incollection{Dhont_2008,
  author    = {J. K. G. Hermann and G. Gompper},
  title     = {Introduction},
  booktitle = {Soft Matter: From Synthetic to Biological Materials},  
  editor    = {Dhont J. and Gompper, G. and Nagele, G.},
  year      = {2008},
  publisher = {Schriften des Forschungszentrums Julich},
  pages     = {I}
}

@article{Zimm_1956,
	title        = {Dynamics of Polymer Molecules in Dilute Solution: Viscoelasticity, Flow Birefringence and Dielectric Loss},
	author       = {{Zimm}, Bruno H.},
	year         = 1956,
	month        = feb,
	journal      = {J. Chem Phys},
	volume       = 24,
	number       = 2,
	pages        = {269--278},
	doi          = {10.1063/1.1742462}
}

@article{Rouse_1953,
	title        = {A Theory of the Linear Viscoelastic Properties of Dilute Solutions of Coiling Polymers},
	author       = {Rouse,Prince E.},
	year         = 1953,
	journal      = {The Journal of Chemical Physics},
	volume       = 21,
	number       = 7,
	pages        = {1272--1280},
	doi          = {10.1063/1.1699180},
	url          = {https://doi.org/10.1063/1.1699180},
	eprint       = {https://doi.org/10.1063/1.1699180}
}

@article{Oldfield_2014,
	title        = {Intrinsically disordered proteins and intrinsically disordered protein regions},
	author       = {Oldfield, Christopher J and Dunker, A Keith},
	year         = 2014,
	journal      = {Annual review of biochemistry},
	publisher    = {Annual Reviews},
	volume       = 83,
	pages        = {553--584}
}

@article{Ward_2004,
	title        = {Prediction and functional analysis of native disorder in proteins from the three kingdoms of life},
	author       = {Ward, Jonathan J and Sodhi, Jaspreet S and McGuffin, Liam J and Buxton, Bernard F and Jones, David T},
	year         = 2004,
	journal      = {Journal of molecular biology},
	publisher    = {Elsevier},
	volume       = 337,
	number       = 3,
	pages        = {635--645}
}